[gd_scene load_steps=16 format=1]

[ext_resource path="res://Scripts/GameController.gd" type="Script" id=1]
[ext_resource path="res://Scripts/MenuController.gd" type="Script" id=2]
[ext_resource path="res://Scenes/Common/Fonts/xolonium/Xolonium-Regular.otf" type="DynamicFontData" id=3]
[ext_resource path="res://Scripts/MenuItemController.gd" type="Script" id=4]
[ext_resource path="res://Scripts/WorldController.gd" type="Script" id=5]
[ext_resource path="res://Scenes/Common/Sounds/bolt.wav" type="Sample" id=6]
[ext_resource path="res://Scenes/Common/Sounds/explosion.wav" type="Sample" id=7]
[ext_resource path="res://Scenes/PlayerShip/PlayerShip.tscn" type="PackedScene" id=8]
[ext_resource path="res://Scenes/StarField/StarField.tscn" type="PackedScene" id=9]

[sub_resource type="DynamicFont" id=1]

font/size = 40
font/use_mipmaps = false
font/use_filter = false
font/font = ExtResource( 3 )

[sub_resource type="DynamicFont" id=2]

font/size = 20
font/use_mipmaps = false
font/use_filter = false
font/font = ExtResource( 3 )

[sub_resource type="DynamicFont" id=3]

font/size = 20
font/use_mipmaps = false
font/use_filter = false
font/font = ExtResource( 3 )

[sub_resource type="DynamicFont" id=4]

font/size = 20
font/use_mipmaps = false
font/use_filter = false
font/font = ExtResource( 3 )

[sub_resource type="SampleLibrary" id=5]

samples/bolt = {
"db": 3.0,
"pitch": 1.0,
"priority": 0,
"sample": ExtResource( 6 )
}
samples/explosion = {
"db": 5.0,
"pitch": 1.0,
"priority": 0,
"sample": ExtResource( 7 )
}

[sub_resource type="BoxShape" id=6]

extents = Vector3( 1, 1, 1 )

[node name="Game" type="Node"]

process/pause_mode = 2
script/script = ExtResource( 1 )

[node name="Menu" type="Popup" parent="."]

process/pause_mode = 2
editor/display_folded = true
visibility/visible = false
focus/ignore_mouse = false
focus/stop_mouse = true
size_flags/horizontal = 2
size_flags/vertical = 2
margin/left = 150.0
margin/top = 300.0
margin/right = 450.0
margin/bottom = 600.0
popup/exclusive = false
script/script = ExtResource( 2 )
x_start = 100

[node name="Header" type="Label" parent="Menu"]

focus/ignore_mouse = true
focus/stop_mouse = true
size_flags/horizontal = 2
size_flags/vertical = 0
margin/left = 25.0
margin/top = 25.0
margin/right = 275.0
margin/bottom = 75.0
custom_fonts/font = SubResource( 1 )
custom_colors/font_color_shadow = Color( 0, 0, 0, 1 )
custom_constants/shadow_as_outline = 1
text = "Game Over"
align = 1
percent_visible = 1.0
lines_skipped = 0
max_lines_visible = -1

[node name="ResumeButton" type="TextureButton" parent="Menu"]

focus/ignore_mouse = false
focus/stop_mouse = true
size_flags/horizontal = 2
size_flags/vertical = 2
margin/left = 25.0
margin/top = 100.0
margin/right = 275.0
margin/bottom = 150.0
toggle_mode = false
enabled_focus_mode = 2
shortcut = null
params/resize_mode = 0
params/stretch_mode = 0
script/script = ExtResource( 4 )

[node name="Label" type="Label" parent="Menu/ResumeButton"]

visibility/behind_parent = true
focus/ignore_mouse = true
focus/stop_mouse = true
size_flags/horizontal = 2
size_flags/vertical = 0
margin/left = 0.0
margin/top = 0.0
margin/right = 250.0
margin/bottom = 50.0
custom_fonts/font = SubResource( 2 )
custom_colors/font_color_shadow = Color( 0, 0, 0, 1 )
custom_constants/shadow_as_outline = 1
text = "Resume"
align = 1
valign = 1
percent_visible = 1.0
lines_skipped = 0
max_lines_visible = -1

[node name="RestartButton" type="TextureButton" parent="Menu"]

focus/ignore_mouse = false
focus/stop_mouse = true
size_flags/horizontal = 2
size_flags/vertical = 2
margin/left = 25.0
margin/top = 150.0
margin/right = 275.0
margin/bottom = 200.0
toggle_mode = false
enabled_focus_mode = 2
shortcut = null
params/resize_mode = 0
params/stretch_mode = 0
script/script = ExtResource( 4 )

[node name="Label" type="Label" parent="Menu/RestartButton"]

visibility/behind_parent = true
focus/ignore_mouse = true
focus/stop_mouse = true
size_flags/horizontal = 2
size_flags/vertical = 0
margin/left = 0.0
margin/top = 0.0
margin/right = 250.0
margin/bottom = 50.0
custom_fonts/font = SubResource( 2 )
custom_colors/font_color_shadow = Color( 0, 0, 0, 1 )
custom_constants/shadow_as_outline = 1
text = "Restart"
align = 1
valign = 1
percent_visible = 1.0
lines_skipped = 0
max_lines_visible = -1

[node name="QuitButton" type="TextureButton" parent="Menu"]

focus/ignore_mouse = false
focus/stop_mouse = true
size_flags/horizontal = 2
size_flags/vertical = 2
margin/left = 25.0
margin/top = 200.0
margin/right = 275.0
margin/bottom = 250.0
toggle_mode = false
enabled_focus_mode = 2
shortcut = null
params/resize_mode = 0
params/stretch_mode = 0
script/script = ExtResource( 4 )

[node name="Label" type="Label" parent="Menu/QuitButton"]

visibility/behind_parent = true
focus/ignore_mouse = true
focus/stop_mouse = true
size_flags/horizontal = 2
size_flags/vertical = 0
margin/left = 0.0
margin/top = 0.0
margin/right = 250.0
margin/bottom = 50.0
custom_fonts/font = SubResource( 2 )
custom_colors/font_color_shadow = Color( 0, 0, 0, 1 )
custom_constants/shadow_as_outline = 1
text = "Quit"
align = 1
valign = 1
percent_visible = 1.0
lines_skipped = 0
max_lines_visible = -1

[node name="Score" type="Control" parent="."]

process/pause_mode = 1
editor/display_folded = true
anchor/right = 1
anchor/bottom = 1
focus/ignore_mouse = false
focus/stop_mouse = true
size_flags/horizontal = 2
size_flags/vertical = 2
margin/left = 10.0
margin/top = 10.0
margin/right = 550.0
margin/bottom = 850.0

[node name="Label" type="Label" parent="Score"]

focus/ignore_mouse = true
focus/stop_mouse = true
size_flags/horizontal = 2
size_flags/vertical = 0
margin/left = 0.0
margin/top = 0.0
margin/right = 40.0
margin/bottom = 14.0
custom_fonts/font = SubResource( 3 )
custom_colors/font_color_shadow = Color( 0, 0, 0, 1 )
custom_constants/shadow_as_outline = 1
text = "Score:"
percent_visible = 1.0
lines_skipped = 0
max_lines_visible = -1

[node name="Text" type="Label" parent="Score"]

focus/ignore_mouse = true
focus/stop_mouse = true
size_flags/horizontal = 2
size_flags/vertical = 0
margin/left = 74.0
margin/top = 1.0
margin/right = 114.0
margin/bottom = 26.0
custom_fonts/font = SubResource( 4 )
custom_colors/font_color_shadow = Color( 0, 0, 0, 1 )
custom_constants/shadow_as_outline = 1
text = "0"
percent_visible = 1.0
lines_skipped = 0
max_lines_visible = -1

[node name="World" type="Spatial" parent="."]

process/pause_mode = 1
_import_transform = Transform( 1, 0, 0, 0, 1, 0, 0, 0, 1, 0, 0, 0 )
script/script = ExtResource( 5 )
x_spawn_range = 25.0
spawn_count = 10
debug_mode = false
winning_score = 200

[node name="SamplePlayer" type="SamplePlayer" parent="World"]

config/polyphony = 3
config/samples = SubResource( 5 )
default/volume_db = 0.0
default/pitch_scale = 1.0
default/pan = 0.0
default/depth = 0.0
default/height = 0.0
default/filter/type = 0
default/filter/cutoff = 5000.0
default/filter/resonance = 1.0
default/filter/gain = 1.0
default/reverb_room = 2
default/reverb_send = 0.0
default/chorus_send = 0.0

[node name="StartTimer" type="Timer" parent="World"]

process_mode = 1
wait_time = 2.0
one_shot = true
autostart = true

[node name="SpawnRateTimer" type="Timer" parent="World"]

process_mode = 1
wait_time = 0.75
one_shot = false
autostart = false

[node name="WaveIntervalTimer" type="Timer" parent="World"]

process_mode = 1
wait_time = 10.0
one_shot = false
autostart = false

[node name="Camera" type="Camera" parent="World"]

_import_transform = Transform( 1, 0, 0, 0, 1, 0, 0, 0, 1, 0, 0, 0 )
transform/local = Transform( 1, 0, 0, 0, -4.37114e-08, 1, 0, -1, -4.37114e-08, 0, 64.6261, -24.691 )
projection = 1
size = 90.0
near = 0.1
far = 100.0
keep_aspect = 1
current = false
visible_layers = 1048575
environment = null
h_offset = 0.0
v_offset = 0.0

[node name="Player" parent="World" instance=ExtResource( 8 )]

transform/local = Transform( 0.85, 0, 0, 0, 0.85, 0, 0, 0, 0.85, 0, 0, 0 )
fire_rate = 0.35

[node name="Lighting" type="Spatial" parent="World"]

editor/display_folded = true
_import_transform = Transform( 1, 0, 0, 0, 1, 0, 0, 0, 1, 0, 0, 0 )

[node name="MainLight" type="DirectionalLight" parent="World/Lighting"]

_import_transform = Transform( 1, 0, 0, 0, 1, 0, 0, 0, 1, 0, 0, 0 )
transform/local = Transform( -0.277049, -0.328632, 0.902909, 0, 0.939693, 0.34202, -0.960856, 0.0947563, -0.260341, 0, 5.19371, 0 )
layers = 1
params/enabled = true
params/editor_only = false
params/bake_mode = 0
params/energy = 1.25
colors/diffuse = Color( 1, 1, 1, 1 )
colors/specular = Color( 1, 1, 1, 1 )
shadow/shadow = false
shadow/darkening = 0.0
shadow/z_offset = 0.05
shadow/z_slope_scale = 0.0
shadow/esm_multiplier = 60.0
shadow/blur_passes = 1.0
projector = null
operator = 0
shadow/mode = 0
shadow/max_distance = 0.0
shadow/split_weight = 0.5
shadow/zoffset_scale = 2.0

[node name="FillLight" type="DirectionalLight" parent="World/Lighting"]

_import_transform = Transform( 1, 0, 0, 0, 1, 0, 0, 0, 1, 0, 0, 0 )
transform/local = Transform( 0.0818083, 0.340874, -0.936543, 0, 0.939693, 0.34202, 0.996648, -0.0279801, 0.0768746, 0, 9.27492, 0 )
layers = 1
params/enabled = true
params/editor_only = false
params/bake_mode = 0
params/energy = 0.5
colors/diffuse = Color( 0.347656, 0.869531, 1, 1 )
colors/specular = Color( 1, 1, 1, 1 )
shadow/shadow = false
shadow/darkening = 0.0
shadow/z_offset = 0.05
shadow/z_slope_scale = 0.0
shadow/esm_multiplier = 60.0
shadow/blur_passes = 1.0
projector = null
operator = 0
shadow/mode = 0
shadow/max_distance = 0.0
shadow/split_weight = 0.5
shadow/zoffset_scale = 2.0

[node name="DirectionalLight" type="DirectionalLight" parent="World/Lighting"]

_import_transform = Transform( 1, 0, 0, 0, 1, 0, 0, 0, 1, 0, 0, 0 )
transform/local = Transform( 1, 0, 0, 0, -4.37114e-08, 1, 0, -1, -4.37114e-08, 0, -4.38109, 0 )
layers = 1
params/enabled = true
params/editor_only = false
params/bake_mode = 0
params/energy = 0.2
colors/diffuse = Color( 1, 1, 1, 1 )
colors/specular = Color( 1, 1, 1, 1 )
shadow/shadow = false
shadow/darkening = 0.0
shadow/z_offset = 0.05
shadow/z_slope_scale = 0.0
shadow/esm_multiplier = 60.0
shadow/blur_passes = 1.0
projector = null
operator = 0
shadow/mode = 0
shadow/max_distance = 0.0
shadow/split_weight = 0.5
shadow/zoffset_scale = 2.0

[node name="Bolts" type="Spatial" parent="World"]

_import_transform = Transform( 1, 0, 0, 0, 1, 0, 0, 0, 1, 0, 0, 0 )

[node name="Explosions" type="Spatial" parent="World"]

_import_transform = Transform( 1, 0, 0, 0, 1, 0, 0, 0, 1, 0, 0, 0 )

[node name="StarField" parent="World" instance=ExtResource( 9 )]

transform/local = Transform( -1.5299e-06, 0, 35, 0, 35, 0, -35, 0, -1.5299e-06, 0, -10, -35 )

[node name="SpawnPoint" type="Spatial" parent="World"]

_import_transform = Transform( 1, 0, 0, 0, 1, 0, 0, 0, 1, 0, 0, 0 )
transform/local = Transform( 1, 0, 0, 0, 1, 0, 0, 0, 1, 0, 0, -81.8782 )

[node name="Meteors" type="Spatial" parent="World"]

_import_transform = Transform( 1, 0, 0, 0, 1, 0, 0, 0, 1, 0, 0, 0 )

[node name="Enemies" type="Spatial" parent="World"]

_import_transform = Transform( 1, 0, 0, 0, 1, 0, 0, 0, 1, 0, 0, 0 )

[node name="Boundary" type="Area" parent="World"]

editor/display_folded = true
_import_transform = Transform( 1, 0, 0, 0, 1, 0, 0, 0, 1, 0, 0, 0 )
transform/local = Transform( 1, 0, 0, 0, 1, 0, 0, 0, 1, 0, 0, -35.367 )
input/ray_pickable = false
input/capture_on_drag = false
shape_count = 1
shapes/0/shape = SubResource( 6 )
shapes/0/transform = Transform( 45, 0, 0, 0, 5, 0, 0, 0, 45, 0, 0, 10.8453 )
shapes/0/trigger = false
space_override = 0
gravity_point = false
gravity_distance_scale = 0.0
gravity_vec = Vector3( 0, -1, 0 )
gravity = 9.8
linear_damp = 0.1
angular_damp = 1.0
priority = 0.0
monitoring = true
monitorable = true
collision/layers = 1
collision/mask = 1

[node name="CollisionShape" type="CollisionShape" parent="World/Boundary"]

_import_transform = Transform( 1, 0, 0, 0, 1, 0, 0, 0, 1, 0, 0, 0 )
transform/local = Transform( 45, 0, 0, 0, 5, 0, 0, 0, 45, 0, 0, 10.8453 )
shape = SubResource( 6 )
trigger = false
_update_shape_index = 0

[node name="Sandbox" type="Spatial" parent="World"]

_import_transform = Transform( 1, 0, 0, 0, 1, 0, 0, 0, 1, 0, 0, 0 )

[connection signal="pressed" from="Menu/ResumeButton" to="." method="_on_ResumeButton_pressed"]

[connection signal="pressed" from="Menu/RestartButton" to="." method="_on_RestartButton_pressed"]

[connection signal="pressed" from="Menu/QuitButton" to="." method="_on_QuitButton_pressed"]

[connection signal="player_died" from="World" to="." method="_on_World_player_died"]

[connection signal="player_won" from="World" to="." method="_on_World_player_won"]

[connection signal="timeout" from="World/StartTimer" to="World" method="_on_StartTimer_timeout"]

[connection signal="timeout" from="World/SpawnRateTimer" to="World" method="_on_SpawnRateTimer_timeout"]

[connection signal="timeout" from="World/WaveIntervalTimer" to="World" method="_on_WaveIntervalTimer_timeout"]

[connection signal="area_exit" from="World/Boundary" to="World" method="_on_Boundary_area_exit"]


